<?xml version = "1.0" encoding = "UTF-8"?><OAI-PMH xmlns="http://www.openarchives.org/OAI/2.0/" xmlns:xsi="http://www.w3.org/2001/XMLSchema-instance" xsi:schemaLocation="http://www.openarchives.org/OAI/2.0/ http://www.openarchives.org/OAI/2.0/OAI-PMH.xsd"><ListRecords><record><header><identifier>aleph-publish:021979078</identifier></header><metadata><record xmlns="http://www.ddb.de/professionell/mabxml/mabxml-1.xsd"><leader>00000nM2.01200024||||||h</leader><controlfield tag="LDR">00000nM2.01200024||||||h</controlfield><controlfield tag="FMT">MH</controlfield><datafield tag="001" ind1="-" ind2="1"><subfield code="a">HT019474284</subfield></datafield><datafield tag="002" ind1="b" ind2="1"><subfield code="a">20171012</subfield></datafield><datafield tag="003" ind1="-" ind2="1"><subfield code="a">20171019</subfield></datafield><datafield tag="025" ind1="o" ind2="1"><subfield code="a">1074622749</subfield></datafield><datafield tag="026" ind1="-" ind2="1"><subfield code="a">HBZHT019474284</subfield></datafield><controlfield tag="030">a|zur||||||27</controlfield><datafield tag="036" ind1="a" ind2="1"><subfield code="a">CH</subfield></datafield><datafield tag="037" ind1="b" ind2="1"><subfield code="a">eng</subfield></datafield><controlfield tag="050">a|a|||||||||||</controlfield><controlfield tag="051">mk||||||</controlfield><datafield tag="060" ind1="-" ind2="1"><subfield code="b">txt</subfield><subfield code="a">Text</subfield></datafield><datafield tag="061" ind1="-" ind2="1"><subfield code="b">c</subfield><subfield code="a">Computermedien</subfield></datafield><datafield tag="062" ind1="-" ind2="1"><subfield code="b">cr</subfield><subfield code="a">Online-Ressource</subfield></datafield><datafield tag="064" ind1="a" ind2="1"><subfield code="a">Konferenzschrift</subfield><subfield code="9">(DE-588)1071861417</subfield></datafield><datafield tag="070" ind1="-" ind2="1"><subfield code="a">38 M</subfield></datafield><datafield tag="070" ind1="a" ind2="1"><subfield code="a">NLM</subfield></datafield><datafield tag="070" ind1="b" ind2="1"><subfield code="a">38 M</subfield></datafield><datafield tag="078" ind1="e" ind2="1"><subfield code="a">ZDB-30-PQE</subfield></datafield><datafield tag="080" ind1="-" ind2="1"><subfield code="a">60</subfield></datafield><datafield tag="100" ind1="b" ind2="1"><subfield code="p">Weaver, Connie</subfield><subfield code="d">1950-</subfield><subfield code="4">edt</subfield><subfield code="3">Herausgeber</subfield><subfield code="9">(DE-588)17244408X</subfield></datafield><datafield tag="101" ind1="-" ind2="1"><subfield code="p">Weaver, Connie M.</subfield><subfield code="d">1950-</subfield></datafield><datafield tag="101" ind1="-" ind2="1"><subfield code="p">Weaver, C. M.</subfield><subfield code="d">1950-</subfield></datafield><datafield tag="101" ind1="-" ind2="1"><subfield code="p">Weaver, Connie Marie</subfield><subfield code="d">1950-</subfield></datafield><datafield tag="104" ind1="b" ind2="1"><subfield code="p">Daly, Robin M.</subfield><subfield code="4">edt</subfield><subfield code="3">Herausgeber</subfield></datafield><datafield tag="108" ind1="b" ind2="1"><subfield code="p">Bischoff-Ferrari, Heike</subfield><subfield code="4">edt</subfield><subfield code="3">Herausgeber</subfield><subfield code="9">(DE-588)1089593244</subfield></datafield><datafield tag="109" ind1="-" ind2="1"><subfield code="p">Bischoff-Ferrari, H. A.</subfield></datafield><datafield tag="109" ind1="-" ind2="1"><subfield code="p">Bischoff-Ferrari, Heike Annette</subfield></datafield><datafield tag="109" ind1="-" ind2="1"><subfield code="p">Bischoff, Heike A.</subfield></datafield><datafield tag="200" ind1="-" ind2="1"><subfield code="e">International Symposium on Nutritional Aspects of Osteoporosis</subfield><subfield code="n">9.</subfield><subfield code="d">2015</subfield><subfield code="c">Montréal</subfield><subfield code="9">(DE-588)1122074735</subfield></datafield><datafield tag="201" ind1="-" ind2="1"><subfield code="e">ISNAO</subfield><subfield code="n">9.</subfield><subfield code="d">2015</subfield><subfield code="c">Montréal</subfield></datafield><datafield tag="331" ind1="-" ind2="1"><subfield code="a">Nutritional influences on bone health</subfield></datafield><datafield tag="335" ind1="-" ind2="1"><subfield code="a">9th International Symposium</subfield></datafield><datafield tag="359" ind1="-" ind2="1"><subfield code="a">Connie M. Weaver, Robin M. Daly, Heike A. Bischoff-Ferrari editors</subfield></datafield><datafield tag="419" ind1="-" ind2="1"><subfield code="a">[Cham]</subfield><subfield code="b">Springer</subfield><subfield code="c">[2016]</subfield></datafield><datafield tag="419" ind1="d" ind2="1"><subfield code="c">© 2016</subfield></datafield><datafield tag="425" ind1="a" ind2="1"><subfield code="a">2016</subfield></datafield><datafield tag="433" ind1="-" ind2="1"><subfield code="a">1 Online-Ressource (ix, 335 Seiten)</subfield></datafield><datafield tag="434" ind1="-" ind2="1"><subfield code="a">Illustrationen, Diagramme</subfield></datafield><datafield tag="443" ind1="-" ind2="1"><subfield code="a">Textdatei</subfield><subfield code="b">PDF</subfield></datafield><datafield tag="540" ind1="a" ind2="1"><subfield code="a">978-3-319-32417-3</subfield></datafield><datafield tag="711" ind1="a" ind2="1"><subfield code="a">Sarcopenia</subfield><subfield code="a">diet therapy</subfield><subfield code="x">MeSH</subfield></datafield><datafield tag="711" ind1="a" ind2="1"><subfield code="a">Sarcopenia</subfield><subfield code="a">prevention &amp; control</subfield><subfield code="x">MeSH</subfield></datafield><datafield tag="711" ind1="a" ind2="1"><subfield code="a">Osteoporosis</subfield><subfield code="a">diet therapy</subfield><subfield code="x">MeSH</subfield></datafield><datafield tag="711" ind1="a" ind2="1"><subfield code="a">Osteoporosis</subfield><subfield code="a">prevention &amp; control</subfield><subfield code="x">MeSH</subfield></datafield><datafield tag="711" ind1="a" ind2="1"><subfield code="a">Bone Development</subfield><subfield code="a">physiology</subfield><subfield code="x">MeSH</subfield></datafield><datafield tag="711" ind1="a" ind2="1"><subfield code="a">Dietary Supplements</subfield><subfield code="x">MeSH</subfield></datafield><datafield tag="711" ind1="f" ind2="1"><subfield code="a">Congresses</subfield><subfield code="a">https://id.nlm.nih.gov/mesh/D016423</subfield><subfield code="x">MeSH</subfield></datafield><datafield tag="776" ind1="-" ind2="1"><subfield code="i">Erscheint auch als</subfield><subfield code="n">Druck-Ausgabe</subfield><subfield code="z">978-3-319-32415-9</subfield></datafield><controlfield tag="SYS">021979078</controlfield><datafield tag="LOW" ind1="-" ind2="1"><subfield code="a">KM001</subfield></datafield><datafield tag="088" ind1=" " ind2=" "><subfield code="a">38 M</subfield></datafield><datafield tag="655" ind1="e" ind2="9"><subfield code="u">https://www.livivo.de/getdoc/EBC/4620095</subfield><subfield code="z">Zugriff für angemeldete ZB MED-Nutzerinnen und -Nutzer</subfield><subfield code="2">KM001</subfield></datafield></record></metadata></record></ListRecords></OAI-PMH>